<record><leader>00000cas a22000007a 4500</leader><controlfield tag="001">3968857</controlfield><controlfield tag="008">780612d19051975mausr ne      0    0lav d</controlfield><datafield ind1=" " ind2=" " tag="010"><subfield code="a">sn 91057155 </subfield></datafield><datafield ind1=" " ind2=" " tag="040"><subfield code="a">COO</subfield><subfield code="b">eng</subfield><subfield code="c">COO</subfield><subfield code="d">MGN</subfield><subfield code="d">YOX</subfield><subfield code="d">OCLCQ</subfield><subfield code="d">KRTAS</subfield><subfield code="d">OCLCQ</subfield><subfield code="d">OCLCF</subfield><subfield code="d">OCLCO</subfield></datafield><datafield ind1=" " ind2=" " tag="022"><subfield code="a">0003-1631</subfield></datafield><datafield ind1="1" ind2=" " tag="029"><subfield code="a">AU@</subfield><subfield code="b">000025784557</subfield></datafield><datafield ind1=" " ind2=" " tag="032"><subfield code="a">024080</subfield><subfield code="b">USPS</subfield></datafield><datafield ind1=" " ind2=" " tag="042"><subfield code="a">msc</subfield></datafield><datafield ind1=" " ind2=" " tag="043"><subfield code="a">n-us---</subfield></datafield><datafield ind1="0" ind2="0" tag="245"><subfield code="a">Amerikas latweetis.</subfield></datafield><datafield ind1="3" ind2="0" tag="246"><subfield code="a">Amerikas latvietis</subfield></datafield><datafield ind1="1" ind2="3" tag="246"><subfield code="a">American Latvian</subfield></datafield><datafield ind1=" " ind2=" " tag="260"><subfield code="a">Boston (Roxbury), Mass. :</subfield><subfield code="b">Baltica Pub. Co.</subfield></datafield><datafield ind1=" " ind2=" " tag="300"><subfield code="a">v.</subfield></datafield><datafield ind1=" " ind2=" " tag="310"><subfield code="a">Semimonthly,</subfield><subfield code="b">Oct. 18, 1952-Aug. 11, 1973</subfield></datafield><datafield ind1=" " ind2=" " tag="321"><subfield code="a">Weekly,</subfield><subfield code="b">&lt;July 20, 1940&gt;-Oct. 4, 1952</subfield></datafield><datafield ind1="1" ind2=" " tag="362"><subfield code="a">Began in 1905; ceased Dec. 1975.</subfield></datafield><datafield ind1=" " ind2=" " tag="500"><subfield code="a">Issues for Jan. 27, 1962-&lt;Dec. 13, 1975&gt; called: Amerikas latvietis.</subfield></datafield><datafield ind1=" " ind2=" " tag="525"><subfield code="a">Includes supplement: Amerikas latvietis pielikums, Nov. 21, 1953-&lt;Dec. 25, 1954&gt;.</subfield></datafield><datafield ind1=" " ind2=" " tag="546"><subfield code="a">In Latvian.</subfield></datafield><datafield ind1=" " ind2=" " tag="588"><subfield code="a">Description based on: Vol. 21, no. 29 (July 20, 1940).</subfield></datafield><datafield ind1=" " ind2="0" tag="650"><subfield code="a">Latvians</subfield><subfield code="z">United States</subfield><subfield code="v">Newspapers.</subfield></datafield><datafield ind1=" " ind2="0" tag="650"><subfield code="a">Latvian Americans</subfield><subfield code="v">Newspapers.</subfield></datafield><datafield ind1=" " ind2="7" tag="655"><subfield code="a">Newspapers.</subfield><subfield code="2">fast</subfield><subfield code="0">(OCoLC)fst01423814</subfield></datafield><datafield ind1=" " ind2="7" tag="650"><subfield code="a">Latvian Americans.</subfield><subfield code="2">fast</subfield><subfield code="0">(OCoLC)fst00993443</subfield></datafield><datafield ind1=" " ind2="7" tag="650"><subfield code="a">Latvians.</subfield><subfield code="2">fast</subfield><subfield code="0">(OCoLC)fst00993491</subfield></datafield><datafield ind1=" " ind2="7" tag="651"><subfield code="a">United States.</subfield><subfield code="2">fast</subfield><subfield code="0">(OCoLC)fst01204155</subfield></datafield><datafield ind1=" " ind2=" " tag="752"><subfield code="a">United States</subfield><subfield code="b">Massachusetts</subfield><subfield code="c">Suffolk</subfield><subfield code="d">Boston.</subfield></datafield><datafield ind1=" " ind2=" " tag="752"><subfield code="a">United States</subfield><subfield code="b">Massachusetts</subfield><subfield code="c">Suffolk</subfield><subfield code="d">Roxbury.</subfield></datafield><datafield ind1=" " ind2=" " tag="938"><subfield code="a">Kirtas Technologies, Inc.</subfield><subfield code="b">KRTS</subfield><subfield code="n">735794</subfield></datafield></record>